<record><leader>00000cas a22000007a 4500</leader><controlfield tag="001">13001199</controlfield><controlfield tag="008">860110c19689999wvuwr ne      0    0eng d</controlfield><datafield ind1=" " ind2=" " tag="010"><subfield code="a">sn 86092004 </subfield></datafield><datafield ind1=" " ind2=" " tag="040"><subfield code="a">WVC</subfield><subfield code="b">eng</subfield><subfield code="c">WVC</subfield><subfield code="d">OCL</subfield><subfield code="d">OCLCQ</subfield></datafield><datafield ind1=" " ind2=" " tag="042"><subfield code="a">msc</subfield></datafield><datafield ind1="0" ind2="4" tag="245"><subfield code="a">The Weekly news sentinel.</subfield></datafield><datafield ind1=" " ind2=" " tag="260"><subfield code="a">Hamlin, W. Va. :</subfield><subfield code="b">Lincoln Publ. Co.,</subfield><subfield code="c">1968-</subfield></datafield><datafield ind1=" " ind2=" " tag="300"><subfield code="a">v.</subfield></datafield><datafield ind1=" " ind2=" " tag="310"><subfield code="a">Weekly</subfield></datafield><datafield ind1="0" ind2=" " tag="362"><subfield code="a">Vol. 50, no. 13 (Mar. 27, 1968)-</subfield></datafield><datafield ind1=" " ind2=" " tag="500"><subfield code="a">"Democratic."</subfield></datafield><datafield ind1=" " ind2=" " tag="752"><subfield code="a">United States</subfield><subfield code="b">West Virginia</subfield><subfield code="c">Lincoln</subfield><subfield code="d">Hamlin.</subfield></datafield><datafield ind1="0" ind2="0" tag="780"><subfield code="t">Hamlin democrat (Hamlin, W. Va. : 1954)</subfield><subfield code="w">(DLC)sn 86092003</subfield></datafield></record>